<record><leader>00000cas a2200000Ma 4500</leader><controlfield tag="001">10906793</controlfield><controlfield tag="008">840702d18571858mauwr ne      0   a0eng d</controlfield><controlfield tag="009">330</controlfield><datafield ind1=" " ind2=" " tag="010"><subfield code="a">sn 84023638 </subfield></datafield><datafield ind1=" " ind2=" " tag="040"><subfield code="a">AQM</subfield><subfield code="c">AQM</subfield><subfield code="d">UKMGB</subfield></datafield><datafield ind1="7" ind2=" " tag="016"><subfield code="a">013939399</subfield><subfield code="2">Uk</subfield></datafield><datafield ind1="1" ind2=" " tag="029"><subfield code="a">AU@</subfield><subfield code="b">000025826201</subfield></datafield><datafield ind1="0" ind2="4" tag="245"><subfield code="a">The Boston olive branch.</subfield></datafield><datafield ind1=" " ind2=" " tag="260"><subfield code="a">[Boston, Mass.] :</subfield><subfield code="b">John H. Sleeper &amp; Co.,</subfield><subfield code="c">1857-1858.</subfield></datafield><datafield ind1=" " ind2=" " tag="300"><subfield code="a">v.</subfield></datafield><datafield ind1=" " ind2=" " tag="310"><subfield code="a">Weekly</subfield></datafield><datafield ind1="0" ind2=" " tag="362"><subfield code="a">Vol. 22, no. 3 (Jan. 17, 1857)-v. 23, no. 35 (Aug. 28, 1858).</subfield></datafield><datafield ind1=" " ind2=" " tag="500"><subfield code="a">Editor: J.H. Sleeper, &lt;1857&gt;.</subfield></datafield><datafield ind1=" " ind2="7" tag="655"><subfield code="a">Story newspapers.</subfield><subfield code="2">local</subfield></datafield><datafield ind1="1" ind2=" " tag="700"><subfield code="a">Sleeper, John H.</subfield></datafield><datafield ind1=" " ind2=" " tag="752"><subfield code="a">United States</subfield><subfield code="b">Massachusetts</subfield><subfield code="c">Suffolk</subfield><subfield code="d">Boston.</subfield></datafield><datafield ind1="0" ind2="4" tag="780"><subfield code="t">Olive branch (Boston, Mass. : 1836)</subfield><subfield code="w">(DLC)sn 84023639</subfield></datafield><datafield ind1="0" ind2="4" tag="780"><subfield code="t">Boston port-folio</subfield></datafield><datafield ind1="0" ind2="0" tag="785"><subfield code="t">Olive branch (Boston, Mass. : 1858)</subfield><subfield code="w">(DLC)sn 84023637</subfield></datafield></record>